% This is for your references, 
% here are examples on how to reference web-pages, books and articles!

@misc{ wiki:RoR,
   author = "Wikipedia",
   title = "Ruby on Rails --- Wikipedia{,} The Free Encyclopedia",
   year = "2017",
   url = "https://en.wikipedia.org/w/index.php?title=Ruby_on_Rails&oldid=782105184",
   note = "[Online; accessed 25-May-2017]"
 }



